@article{Bechmann2011,
author = {Bechmann, A. and S{\o}rensen, N. N. and Berg, J. and Mann, J. and R{\'{e}}thor{\'{e}}, P.-E.},
doi = {10.1007/s10546-011-9637-x},
issn = {0006-8314},
journal = {Boundary-Layer Meteorology},
month = {aug},
number = {2},
pages = {245--271},
title = {{The Bolund Experiment, Part II: Blind Comparison of Microscale Flow Models}},
url = {http://link.springer.com/10.1007/s10546-011-9637-x},
volume = {141},
year = {2011}
}
@article{Berg2011,
author = {Berg, J. and Mann, J. and Bechmann, A. and Courtney, M. S. and J{\o}rgensen, H. E.},
doi = {10.1007/s10546-011-9636-y},
issn = {0006-8314},
journal = {Boundary-Layer Meteorology},
month = {jul},
number = {2},
pages = {219--243},
title = {{The Bolund Experiment, Part I: Flow Over a Steep, Three-Dimensional Hill}},
url = {http://link.springer.com/10.1007/s10546-011-9636-y},
volume = {141},
year = {2011}
}
@article{Conan2015,
author = {Conan, Boris and Chaudhari, Ashvinkumar and Aubrun, Sandrine and van Beeck, Jeroen and H{\"{a}}m{\"{a}}l{\"{a}}inen, Jari and Hellsten, Antti},
doi = {10.1007/s10546-015-0082-0},
issn = {0006-8314},
journal = {Boundary-Layer Meteorology},
month = {sep},
title = {{Experimental and Numerical Modelling of Flow over Complex Terrain: The Bolund Hill}},
url = {http://link.springer.com/10.1007/s10546-015-0082-0},
year = {2015}
}
@article{Diebold2013,
author = {Diebold, Marc and Higgins, Chad and Fang, Jiannong and Bechmann, Andreas and Parlange, Marc B.},
doi = {10.1007/s10546-013-9807-0},
issn = {0006-8314},
journal = {Boundary-Layer Meteorology},
month = {feb},
number = {1},
pages = {177--194},
title = {{Flow over Hills: A Large-Eddy Simulation of the Bolund Case}},
url = {http://link.springer.com/10.1007/s10546-013-9807-0},
volume = {148},
year = {2013}
}
@article{Jafari2012,
author = {Jafari, S. and Chokani, N. and Abhari, R. S.},
doi = {10.1115/1.4004899},
issn = {01996231},
journal = {Journal of Solar Energy Engineering},
month = {feb},
number = {1},
pages = {011006},
publisher = {American Society of Mechanical Engineers},
title = {{An Immersed Boundary Method for Simulation of Wind Flow Over Complex Terrain}},
url = {http://solarenergyengineering.asmedigitalcollection.asme.org/article.aspx?articleid=1458755},
volume = {134},
year = {2012}
}
@article{Peralta2014,
author = {Peralta, C. and Nugusse, H. and Kokilavani, S.P. and Schmidt, J. and Stoevesandt, B.},
doi = {10.1051/itmconf/20140201002},
editor = {Medjroubi, W. and Stoevesand, B. and Peralta, C.},
issn = {2271-2097},
journal = {ITM Web of Conferences},
language = {en},
month = {feb},
pages = {01002},
publisher = {EDP Sciences},
title = {{Validation of the simpleFoam (RANS) solver for the atmospheric boundary layer in complex terrain}},
url = {http://dx.doi.org/10.1051/itmconf/20140201002},
volume = {2},
year = {2014}
}
@article{Prospathopoulos2012,
author = {Prospathopoulos, J.M. and Politis, E.S. and Chaviaropoulos, P.K.},
doi = {10.1016/j.jweia.2012.04.011},
issn = {01676105},
journal = {Journal of Wind Engineering and Industrial Aerodynamics},
keywords = {3D RANS solver,Bolund experiment,Wind flow prediction},
month = {aug},
pages = {149--159},
title = {{Application of a 3D RANS solver on the complex hill of Bolund and assessment of the wind flow predictions}},
url = {http://www.sciencedirect.com/science/article/pii/S0167610512001134},
volume = {107-108},
year = {2012}
}
@article{Rodrigo2014,
issn = {1742-6596},
journal = {Journal of Physics: Conference Series},
language = {en},
month = {jun},
number = {1},
pages = {012105},
publisher = {IOP Publishing},
title = {{IEA-Task 31 WAKEBENCH: Towards a protocol for wind farm flow model evaluation. Part 1: Flow-over-terrain models}},
url = {http://iopscience.iop.org/article/10.1088/1742-6596/524/1/012105},
volume = {524},
year = {2014}
}
@article{Vuorinen2015,
author = {Vuorinen, V. and Chaudhari, A. and Keskinen, J.-P.},
doi = {10.1016/j.advengsoft.2014.09.008},
issn = {09659978},
journal = {Advances in Engineering Software},
keywords = {Bolund hill,Complex terrain,Incompressible flows,OpenFOAM®,Projection methods,Runge–Kutta},
month = {jan},
pages = {70--80},
title = {{Large-eddy simulation in a complex hill terrain enabled by a compact fractional step OpenFOAM® solver}},
url = {http://www.sciencedirect.com/science/article/pii/S0965997814001513},
volume = {79},
year = {2015}
}
@article{Yeow2013,
author = {Yeow, T.S. and Cuerva-Tejero, A. and Perez-Alvarez, J.},
doi = {10.1002/we.1688},
issn = {10954244},
journal = {Wind Energy},
month = {dec},
pages = {n/a--n/a},
title = {{Reproducing the Bolund experiment in wind tunnel}},
url = {http://doi.wiley.com/10.1002/we.1688},
year = {2013}
}
@article{Lim2009,
author = {Lim, Hee Chang and Thomas, T.G. and Castro, Ian P.},
doi = {10.1016/j.jweia.2009.01.001},
journal = {Journal of Wind Engineering and Industrial Aerodynamics},
keywords = {Bluff body,Large eddy simulation,Wind environment},
month = {feb},
number = {2},
pages = {96--109},
title = {{Flow around a cube in a turbulent boundary layer: LES and experiment}},
volume = {97},
year = {2009}
}

@article{smagorinsky1963LES,
author = {Smagorinsky, Joseph},
journal = {Monthly weather review},
mendeley-groups = {imported},
number = {3},
pages = {99--164},
title = {{General circulation experiments with the primitive equations: I. the basic experiment*}},
volume = {91},
year = {1963}
}

@article{Tabor2010LesInflow,
author = {Tabor, G.R. and Baba-Ahmadi, M.H.},
doi = {10.1016/j.compfluid.2009.10.007},
issn = {00457930},
journal = {Computers {\&} Fluids},
keywords = {CFD,Inlet conditions,Large eddy simulation},
month = {apr},
number = {4},
pages = {553--567},
title = {{Inlet conditions for large eddy simulation: A review}},
url = {http://www.sciencedirect.com/science/article/pii/S0045793009001601},
volume = {39},
year = {2010}
}


@article{Churchfield2012,
author = {Churchfield, Matthew J. and Lee, Sang and Michalakes, John and Moriarty, Patrick J.},
issn = {1468-5248},
journal = {Journal of Turbulence},
keywords = {actuator line,atmospheric stability,large-eddy simulation,wind plant,wind turbine},
number = {November},
pages = {N14},
title = {{A numerical study of the effects of atmospheric and wake turbulence on wind turbine dynamics}},
url = {http://www.tandfonline.com/doi/abs/10.1080/14685248.2012.668191},
volume = {13},
year = {2012}
}

@article{Churchfield2013,
author = {Churchfield, Matthew J. and Lee, Sang and Moriarty, Patrick J. and Nrel, Patrick J Moriarty},
doi = {10.1051/itmconf/20140202001},
issn = {2271-2097},
journal = {1st Symposium on OpenFOAM in Wind Energy},
number = {September},
pages = {02001},
title = {{Adding Complex Terrain and Stable Atmospheric Condition Capability to the OpenFOAM-based Flow Solver of the Simulator for On/Offshore Wind Farm Applications (SOWFA): Preprint}},
url = {http://www.itm-conferences.org/10.1051/itmconf/20140202001},
volume = {2},
year = {2013}
}

@article{weller1998OpenFOAM,
  title={A tensorial approach to computational continuum mechanics using object-oriented techniques},
  author={Weller, Henry G and Tabor, G and Jasak, Hrvoje and Fureby, C},
  journal={Computers in physics},
  volume={12},
  number={6},
  pages={620--631},
  year={1998},
  publisher={AIP Publishing}
}

@article{GermanoDynSGS1991,
title = {{A dynamic subgrid-scale eddy viscosity model}},
author = {Germano, Massimo and Piomelli, Ugo and Moin, Parviz and Cabot, William H.},
journal = {Physics of Fluids A: Fluid Dynamics},
number = {7},
pages = {1760},
volume = {3},
year = {1991}
}

@article{MeneveauLagDynSGS1996,
title = {{A Lagrangian dynamic subgrid-scale model of turbulence}},
author = {Meneveau, Charles and Lund, Thomas S. and Cabot, William H.},
journal = {Journal of Fluid Mechanics},
month = {jul},
number = {-1},
pages = {353},
publisher = {Cambridge University Press},
volume = {319},
year = {1996}
}

@article{Schumann1975,
author = {Schumann, U},
journal = {JOURNAL OF COMPUTATIONAL. PHYSICS},
pages = {376--404},
title = {{Subgrid Scale Model for Finite Difference Simulations of Turbulent Flows in Plane Channels and Annuli}},
volume = {18},
year = {1975}
}

@article{Grotzbach1977,
author = {Groetzbach, G. and Schumann, U.},
journal = {In: Symposium on Turbulent Shear Flows, University Park, Pa., April 18-20, 1977, Proceedings. Volume 1. (A77-33806 15-34) University Park, Pa., Pennsylvania State University, 1977, p. 14.11-14.19.},
pages = {14.11--14.19},
title = {{Direct numerical simulation of turbulent velocity-, pressure-, and temperature-fields in channel flows}},
volume = {1},
year = {1977}
}

@article{Fang2015,
author = {Fang, Jiannong and Port{\'{e}}-Agel, Fernando},
journal = {Boundary-Layer Meteorology},
month = {jun},
number = {3},
pages = {397--416},
publisher = {Springer Netherlands},
title = {{Large-Eddy Simulation of Very-Large-Scale Motions in the Neutrally Stratified Atmospheric Boundary Layer}},
volume = {155},
year = {2015}
}


@misc{BolundProjectWeb,
title = {{The Bolund Project, http://www.bolund.vindenergi.dtu.dk/, Accesesd on: Jan 25th-2017}},
url = {http://www.bolund.vindenergi.dtu.dk/},
urldate = {2015-12-04}
}

@misc{windBench,
title = {{Test case: Bolund | Windbench}},
url = {https://windbench.net/bolund},
urldate = {2015-12-18}
}

@BOOK{pope2000tf,
  title = {Turbulent Flows},
  publisher = {Cambridge University Press, Cambridge},
  year = {2000},
  author = {Pope, S. B.}
}

@misc{NCAR_CISL,
title = {{Computational and Information Systems Laboratory. 2012. Yellowstone: IBM iDataPlex System (Wyoming-NCAR Alliance). Boulder, CO: National Center for Atmospheric Research. http://n2t.net/ark:/85065/d7wd3xhc}}
}


@misc{Pointwise,
title = {{Pointwise, Sofware Package, Ver. 18.1R1, Fort Worth, Texas, 2016. http://www.pointwise.com/}}
}

