% This file was created with JabRef 2.8.1.
% Encoding: Cp1252

@INPROCEEDINGS{cw:milcom89,
  author = {Thomas E. Bleier and Gerald P. Heckert and S. Joseph Jarzombek and
	Horst Wolf and Cameron H. G. Wright},
  title = {Opportunity for an {X}-Band Relay Capability in Support of the Space
	Test Range},
  booktitle = {Proceedings of the 1989 IEEE Military Communications Conference},
  year = {1989},
  address = {Boston, MA},
  month = {October}
}

@BOOK{Carlson02,
  title = {Communication Systems},
  publisher = {McGraw-Hill},
  year = {2002},
  author = {A. Bruce Carlson and Paul B. Crilly and Janet C. Rutledge},
  edition = {4th}
}

@BOOK{cooper86,
  title = {Modern Communications and Spread Spectrum},
  publisher = {McGraw-Hill},
  year = {1986},
  author = {George R. Cooper and Clare D. Mc{G}illem}
}

@BOOK{Couch01,
  title = {Digital and Analog Communication Systems},
  publisher = {Prentice Hall},
  year = {2001},
  author = {Couch, II, Leon W.},
  edition = {6th}
}

@BOOK{Dixon94,
  title = {Spread Spectrum Systems with Commercial Applications},
  publisher = {John Wiley \& Sons},
  year = {1994},
  author = {Robert C. Dixon},
  edition = {3rd}
}

@BOOK{Feher83,
  title = {Digital Communications: {Satellite/Earth} Station Engineering},
  publisher = {Prentice Hall},
  year = {1983},
  author = {Kamilo Feher}
}

@BOOK{Feher95,
  title = {Wireless Digital Communications: Modulation and Spread Spectrum Applications},
  publisher = {Prentice Hall PTR},
  year = {1995},
  author = {Kamilo Feher}
}

@BOOK{gibson,
  title = {Principles of Digital and Analog Communications},
  publisher = {Macmillan},
  year = {1993},
  author = {Jerry D. Gibson},
  edition = {2nd}
}

@BOOK{Golomb82,
  title = {Shift Register Sequences},
  publisher = {Aegean Park Press},
  year = {1982},
  author = {S. W. Golomb},
  address = {Laguna Hills, CA}
}

@BOOK{keiser:fiber,
  title = {Optical Fiber Communications},
  publisher = {McGraw-Hill},
  year = {1983},
  author = {Gerd Keiser}
}

@BOOK{Lathi98,
  title = {Modern Digital and Analog Communications Systems},
  publisher = {Oxford University Press},
  year = {1998},
  author = {B. P. Lathi},
  edition = {3rd}
}

@BOOK{Lee95,
  title = {Mobile Cellular Telecommunications},
  publisher = {McGraw-Hill},
  year = {1995},
  author = {William C. Y. Lee},
  edition = {2nd}
}

@BOOK{liu96,
  title = {Principles and Applications of Optical Communications},
  publisher = {Irwin},
  year = {1996},
  author = {Max Ming-Kang Liu}
}

@BOOK{Peterson95,
  title = {Introduction to Spread Spectrum Communications},
  publisher = {Prentice Hall},
  year = {1995},
  author = {Roger L. Peterson and Rodger E. Ziemer and David E. Borth}
}

@BOOK{Pratt86,
  title = {Satellite Communications},
  publisher = {John Wiley \& Sons},
  year = {1986},
  author = {Timothy Pratt and Charles W. Bostian}
}

@BOOK{Proakis01,
  title = {Digital Communications},
  publisher = {McGraw Hill},
  year = {2001},
  author = {John G. Proakis},
  edition = {4th}
}

@BOOK{Proakis89,
  title = {Digital Communications},
  publisher = {McGraw-Hill},
  year = {1989},
  author = {John G. Proakis},
  edition = {2nd}
}

@BOOK{Shankar02,
  title = {Introduction to Wireless Systems},
  publisher = {John Wiley \& Sons},
  year = {2002},
  author = {P. Mohana Shankar}
}

@BOOK{Sklar01,
  title = {Digital Communications: Fundamentals and Applications},
  publisher = {Prentice Hall},
  year = {2001},
  author = {Bernard Sklar},
  edition = {2nd}
}

@BOOK{smith90,
  title = {Modern Optical Engineering},
  publisher = {McGraw-Hill},
  year = {1990},
  author = {Warren J. Smith},
  edition = {2nd}
}

@INPROCEEDINGS{cw:aiaa92,
  author = {S. V. Vaddiparty and K. M. Price and Gerald P. Heckert and Cameron
	H. G. Wright},
  title = {MILSATCOM Intersatellite Link Architecture},
  booktitle = {Proceedings of the AIAA 14th International Communications Satellite
	Systems Conference},
  year = {1992},
  address = {Washington, DC},
  month = {March}
}

@BOOK{cw:dspbook12,
  title = {Real-Time Digital Signal Processing: From {MATLAB} to {C} with C6x
	{DSPs}},
  publisher = {CRC Press},
  year = {2012},
  author = {Thad B. Welch and Cameron H. G. Wright and Michael G. Morrow},
  address = {Boca Raton, FL (USA)},
  edition = {2nd},
  annote = {If you're interested in how your iPod works, or how your cellular
	phone works, or how your anti-lock brakes work\ldots\ it's all part
	of real-time DSP\@. And real-time DSP is a blend of digital systems
	design, signal processing, computer engineering, and software engineering.
	Plus it's gobs of fun!},
  owner = {ChgW},
  timestamp = {2012.01.10}
}

@INPROCEEDINGS{cw:milcom91,
  author = {Cameron H. G. Wright and Gerald P. Heckert and Thomas E. Bleier},
  title = {Low-Cost Design Approach for a Space-Based Data Relay},
  booktitle = {Proceedings of the 1991 IEEE Military Communications Conference},
  year = {1991},
  address = {Fairfax, VA},
  month = {October}
}

@BOOK{Ziemer92,
  title = {Introduction to Digital Communication},
  publisher = {Macmillan},
  year = {1992},
  author = {Rodger E. Ziemer and Roger L. Peterson}
}

@BOOK{Cook83,
  title = {Spread Spectrum Communications},
  publisher = {IEEE Press},
  year = {1983},
  editor = {Charles E. Cook and Fred W. Ellersick and Laurence B. Milstein and
	Donald L. Schilling}
}

@BOOK{Feher87,
  title = {Advanced Digital Communications: Systems and Signal Processing Techniques},
  publisher = {Prentice Hall},
  year = {1987},
  editor = {Kamilo Feher}
}

@BOOK{Gibson96,
  title = {The Mobile Communications Handbook},
  publisher = {CRC Press},
  year = {1996},
  editor = {Jerry D. Gibson}
}

