
@Article{	  arakawa1966,
  author	= {Arakawa, Akio},
  doi		= {10.1016/0021-9991(66)90015-5},
  issn		= {00219991},
  journal	= {Journal of Computational Physics},
  month		= {aug},
  number	= {1},
  pages		= {119--143},
  title		= {{Computational design for long-term numerical integration
		  of the equations of fluid motion: Two-dimensional
		  incompressible flow. Part I}},
  volume	= {1},
  year		= {1966}
}

@Article{	  arakawa1977,
  author	= {ARAKAWA, AKIO and LAMB, VIVIAN R.},
  doi		= {10.1016/B978-0-12-460817-7.50009-4},
  journal	= {Methods in Computational Physics: Advances in Research and
		  Applications},
  pages		= {173--265},
  title		= {{Computational Design of the Basic Dynamical Processes of
		  the UCLA General Circulation Model}},
  volume	= {17},
  year		= {1977}
}

@Article{	  argyropoulos2015,
  author	= {Argyropoulos, C.D. and Markatos, N.C.},
  doi		= {10.1016/j.apm.2014.07.001},
  issn		= {0307904X},
  journal	= {Applied Mathematical Modelling},
  number	= {2},
  pages		= {693--732},
  title		= {{Recent advances on the numerical modelling of turbulent
		  flows}},
  volume	= {39},
  year		= {2015}
}

@Article{	  bose2010,
  author	= {Bose, Sanjeeb T. and Moin, Parviz},
  journal	= {Center for Turbulence Research, Annual Research Briefs,
		  Stanford University},
  pages		= {223--236},
  title		= {{A class of dynamic mixed models for explicitly filtered
		  LES}},
  year		= {2010}
}

@Article{	  bose2010a,
  author	= {Bose, Sanjeeb T. and Moin, Parviz and You, Donghyun},
  doi		= {10.1063/1.3485774},
  issn		= {1070-6631},
  journal	= {Physics of Fluids},
  month		= {oct},
  number	= {10},
  pages		= {105103},
  publisher	= {American Institute of Physics Inc.},
  title		= {{Grid-independent large-eddy simulation using explicit
		  filtering}},
  volume	= {22},
  year		= {2010}
}

@PhDThesis{	  bostrom2015,
  author	= {Bostr{\"{o}}m, Erik},
  pages		= {120},
  school	= {KTH},
  title		= {{Investigation of Outflow Boundary Conditions for
		  Convection-Dominated Incompressible Fluid Flows in a
		  Spectral Element Framework}},
  type		= {MS Thesis},
  year		= {2015}
}

@Article{	  bull2016,
  author	= {Bull, Jonathan R. and Jameson, Antony},
  doi		= {10.1016/j.jcp.2015.11.037},
  issn		= {10902716},
  journal	= {Journal of Computational Physics},
  pages		= {117--136},
  publisher	= {Elsevier Inc.},
  title		= {{Explicit filtering and exact reconstruction of the
		  sub-filter stresses in large eddy simulation}},
  volume	= {306},
  year		= {2016}
}

@InCollection{	  carati1999,
  author	= {Carati, D. and Winckelmans, G. S. and Jeanmart, H.},
  doi		= {10.1007/978-94-015-9285-7_18},
  pages		= {213--224},
  publisher	= {Springer, Dordrecht},
  title		= {{Exact Expansions for Filtered-Scales Modelling with a
		  Wide Class of LES Filters}},
  year		= {1999}
}

@Article{	  cbc1971,
  author	= {Comte-Bellot, Genevi{\`{e}}ve and Corrsin, Stanley},
  doi		= {10.1017/S0022112071001599},
  issn		= {0022-1120},
  journal	= {J. Fluid Mech},
  month		= {jul},
  number	= {2},
  pages		= {273--337},
  title		= {{Simple Eulerian time correlation of full-and narrow-band
		  velocity signals in grid-generated, 'isotropic'
		  turbulence}},
  volume	= {48},
  year		= {1971}
}

@Article{	  cheskidov2005,
  author	= {Cheskidov, Alexey and Holm, Darryl D. and Olson, Eric and
		  Titi, Edriss S.},
  doi		= {10.1098/rspa.2004.1373},
  issn		= {14712946},
  journal	= {Proceedings of the Royal Society A: Mathematical, Physical
		  and Engineering Sciences},
  month		= {mar},
  number	= {2055},
  pages		= {629--649},
  publisher	= {Royal Society},
  title		= {{On a Leray-$\alpha$ model of turbulence}},
  volume	= {461},
  year		= {2005}
}

@Article{	  chorin1968,
  author	= {Chorin, Alexandre Joel},
  doi		= {10.1090/S0025-5718-1968-0242392-2},
  issn		= {0025-5718},
  journal	= {Mathematics of Computation},
  number	= {104},
  pages		= {745--745},
  title		= {{Numerical solution of the Navier-Stokes equations}},
  volume	= {22},
  year		= {1968}
}

@Book{		  chorin1990mathematical,
  title		= {A mathematical introduction to fluid mechanics},
  author	= {Chorin, Alexandre Joel and Marsden, Jerrold E and Marsden,
		  Jerrold E},
  volume	= {3},
  year		= {1990},
  publisher	= {Springer}
}

@Article{	  courant1928,
  author	= {Courant, R. and Friedrichs, K. and Lewy, H.},
  doi		= {10.1007/BF01448839},
  issn		= {0025-5831},
  journal	= {Mathematische Annalen},
  month		= {dec},
  number	= {1},
  pages		= {32--74},
  title		= {{{\"{U}}ber die partiellen Differenzengleichungen der
		  mathematischen Physik}},
  volume	= {100},
  year		= {1928}
}

@Article{	  courant1967,
  author	= {Courant, R. and Friedrichs, K and Lewy, H},
  doi		= {10.1147/rd.112.0215},
  issn		= {0018-8646},
  journal	= {IBM Journal of Research and Development},
  month		= {mar},
  number	= {2},
  pages		= {215--234},
  title		= {{On the Partial Difference Equations of Mathematical
		  Physics}},
  volume	= {11},
  year		= {1967}
}

@Article{	  dairay2017,
  author	= {Dairay, Thibault and Lamballais, Eric and Laizet, Sylvain
		  and Vassilicos, John Christos},
  doi		= {10.1016/j.jcp.2017.02.035},
  issn		= {10902716},
  journal	= {Journal of Computational Physics},
  pages		= {252--274},
  publisher	= {Elsevier Inc.},
  title		= {{Numerical dissipation vs. subgrid-scale modelling for
		  large eddy simulation}},
  volume	= {337},
  year		= {2017}
}

@Article{	  foias2001,
  author	= {Foias, Ciprian and Holm, Darryl D. and Titi, Edriss S.},
  doi		= {10.1016/S0167-2789(01)00191-9},
  eprint	= {0103037},
  issn		= {01672789},
  journal	= {Physica D: Nonlinear Phenomena},
  month		= {may},
  pages		= {505--519},
  publisher	= {Elsevier},
  title		= {{The Navier-Stokes-alpha model of fluid turbulence}},
  volume	= {152-153},
  year		= {2001}
}

@Article{	  gullbrand2003,
  author	= {Gullbrand, JESSICA and CHOW, Fotini Katopodes},
  doi		= {10.1017/S0022112003006268},
  issn		= {00221120},
  journal	= {Journal of Fluid Mechanics},
  month		= {nov},
  pages		= {S0022112003006268},
  title		= {{The effect of numerical errors and turbulence models in
		  large-eddy simulations of channel flow, with and without
		  explicit filtering}},
  volume	= {495},
  year		= {2003}
}

@TechReport{	  ham2004,
  author	= {Ham, F and Iaccarino, G},
  institution	= {Center for turbulence research, Stanford University},
  pages		= {3--14},
  title		= {{Energy conservation in collocated discretization schemes
		  on unstructured meshes}},
  year		= {2004}
}

@TechReport{	  ham2006,
  author	= {Ham, F and Mattsson, K and Iaccarino, D G},
  title		= {{Accurate and stable finite volume operators for
		  unstructured flow solvers}},
  year		= {2006}
}

@Article{	  han2020,
  author	= {Han, Yi and Stoellinger, Michael Karl},
  doi		= {10.1002/we.2412},
  issn		= {1095-4244},
  journal	= {Wind Energy},
  month		= {feb},
  number	= {2},
  pages		= {91--119},
  title		= {{RANS simulations of neutral atmospheric boundary layer
		  flow over complex terrain with comparisons to field
		  measurements}},
  volume	= {23},
  year		= {2020}
}

@Article{	  hassanaly2018,
  author	= {Hassanaly, Malik and Koo, Heeseok and Lietz, Christopher
		  F. and Chong, Shao Teng and Raman, Venkat},
  doi		= {10.1016/j.compfluid.2017.11.020},
  issn		= {00457930},
  journal	= {Computers {\&} Fluids},
  month		= {jan},
  pages		= {11--25},
  title		= {{A minimally-dissipative low-Mach number solver for
		  complex reacting flows in OpenFOAM}},
  volume	= {162},
  year		= {2018}
}

@Article{	  holm1998,
  author	= {Holm, Darryl D. and Marsden, Jerrold E. and Ratiu, Tudor
		  S.},
  doi		= {10.1006/aima.1998.1721},
  eprint	= {9801015},
  issn		= {00018708},
  journal	= {Advances in Mathematics},
  month		= {jul},
  number	= {1},
  pages		= {1--81},
  title		= {{The Euler-Poincar{\'{e}} Equations and Semidirect
		  Products with Applications to Continuum Theories}},
  volume	= {137},
  year		= {1998}
}

@Article{	  issa1986piso,
  author	= {Issa, R.I},
  doi		= {10.1016/0021-9991(86)90099-9},
  issn		= {00219991},
  journal	= {Journal of Computational Physics},
  month		= {jan},
  number	= {1},
  pages		= {40--65},
  title		= {{Solution of the implicitly discretised fluid flow
		  equations by operator-splitting}},
  volume	= {62},
  year		= {1986}
}

@Article{	  jofre2014,
  author	= {Jofre, Llu{\'{i}}s and Lehmkuhl, Oriol and Ventosa, Jordi
		  and Trias, F. Xavier and Oliva, Assensi},
  doi		= {10.1080/10407790.2013.836335},
  issn		= {10407790},
  journal	= {Numerical Heat Transfer, Part B: Fundamentals},
  month		= {jan},
  number	= {1},
  pages		= {53--79},
  publisher	= { Taylor {\&} Francis Group },
  title		= {{Conservation properties of unstructured finite-volume
		  mesh schemes for the navier-stokes equations}},
  volume	= {65},
  year		= {2014}
}

@Article{	  kim1985,
  author	= {Kim, J. and Moin, P.},
  doi		= {10.1016/0021-9991(85)90148-2},
  isbn		= {0021-9991},
  issn		= {10902716},
  journal	= {Journal of Computational Physics},
  number	= {2},
  pages		= {308--323},
  pmid		= {198},
  title		= {{Application of a fractional-step method to incompressible
		  Navier-Stokes equations}},
  volume	= {59},
  year		= {1985}
}

@Article{	  lee2017,
  author	= {Lee, Sang Bong},
  doi		= {10.1016/j.ijnaoe.2016.11.007},
  issn		= {20926782},
  journal	= {International Journal of Naval Architecture and Ocean
		  Engineering},
  month		= {jul},
  number	= {4},
  pages		= {429--438},
  title		= {{A study on temporal accuracy of OpenFOAM}},
  volume	= {9},
  year		= {2017}
}

@InCollection{	  leonard1975,
  author	= {Leonard, A},
  booktitle	= {Turbulent Diffusion in Environmental Pollution},
  doi		= {https://doi.org/10.1016/S0065-2687(08)60464-1},
  editor	= {Frenkiel, F N and Munn, R E B T - Advances in Geophysics},
  isbn		= {0065-2687},
  pages		= {237--248},
  publisher	= {Elsevier},
  title		= {{Energy Cascade in Large-Eddy Simulations of Turbulent
		  Fluid Flows}},
  volume	= {18},
  year		= {1975}
}

@Article{	  leray1934,
  author	= {Leray, Jean},
  doi		= {10.1007/BF02547354},
  issn		= {00015962},
  journal	= {Acta Mathematica},
  month		= {dec},
  number	= {1},
  pages		= {193--248},
  publisher	= {Kluwer Academic Publishers},
  title		= {{Sur le mouvement d'un liquide visqueux emplissant
		  l'espace}},
  volume	= {63},
  year		= {1934}
}

@Article{	  lund2003,
  author	= {Lund, T.S.},
  doi		= {10.1016/S0898-1221(03)90019-8},
  issn		= {08981221},
  journal	= {Computers {\&} Mathematics with Applications},
  month		= {aug},
  number	= {4},
  pages		= {603--616},
  publisher	= {Elsevier Ltd},
  title		= {{The use of explicit filters in large eddy simulation}},
  volume	= {46},
  year		= {2003}
}

@InCollection{	  mahesh2003,
  author	= {Mahesh, K. and Constantinescu, G. and Moin, P.},
  booktitle	= {Computational Fluid and Solid Mechanics 2003},
  doi		= {10.1016/B978-008044046-0.50009-9},
  isbn		= {9780080529479},
  issn		= {00219991},
  pages		= {23--30},
  publisher	= {Elsevier},
  title		= {{A numerical method for large-eddy simulation in complex
		  geometries}},
  volume	= {197},
  year		= {2003}
}

@Article{	  marsden2003,
  author	= {Marsden, Jerrold E. and Shkoller, Steve},
  doi		= {10.1007/s00205-002-0207-8},
  issn		= {00039527},
  journal	= {Archive for Rational Mechanics and Analysis},
  month		= {jan},
  number	= {1},
  pages		= {27--46},
  title		= {{The anisotropic Lagrangian averaged Euler and
		  Navier-Stokes equations}},
  volume	= {166},
  year		= {2003}
}

@InProceedings{	  mavriplis2019,
  author	= {Mavriplis, Dimitri J.},
  doi		= {10.2514/6.2019-2944},
  month		= {jun},
  publisher	= {American Institute of Aeronautics and Astronautics
		  (AIAA)},
  title		= {{Progress in CFD Discretizations, Algorithms and Solvers
		  for Aerodynamic Flows}},
  year		= {2019}
}

@Article{	  montgomery2002,
  author	= {Montgomery, David C. and Pouquet, Annick},
  doi		= {10.1063/1.1501542},
  issn		= {10706631},
  journal	= {Physics of Fluids},
  number	= {9},
  pages		= {3365--3366},
  title		= {{An alternative interpretation for the Holm "alpha
		  model"}},
  volume	= {14},
  year		= {2002}
}

@Article{	  morinishi1998,
  author	= {Morinishi, Y and Lund, T.S. and Vasilyev, O.V. and Moin,
		  P},
  doi		= {10.1006/jcph.1998.5962},
  isbn		= {00219991/98},
  issn		= {00219991},
  journal	= {Journal of Computational Physics},
  month		= {jun},
  number	= {1},
  pages		= {90--124},
  title		= {{Fully Conservative Higher Order Finite Difference Schemes
		  for Incompressible Flow}},
  volume	= {143},
  year		= {1998}
}

@Article{	  moser1999,
  author	= {Moser, Robert D and Kim, John and Mansour, Nagi N},
  doi		= {10.1063/1.869966},
  issn		= {1070-6631},
  journal	= {Physics of Fluids},
  month		= {apr},
  number	= {4},
  pages		= {943--945},
  title		= {{Direct numerical simulation of turbulent channel flow up
		  to Re$\tau$=590}},
  volume	= {11},
  year		= {1999}
}

@Book{		  moukalled2015,
  author	= {Moukalled, F. and Mangani, L. and Darwish, M.},
  doi		= {10.1007/978-3-319-16874-6},
  isbn		= {3319168746},
  pages		= {791},
  publisher	= {Springer},
  title		= {{The Finite Volume Method in Computational Fluid Dynamics:
		  An Advanced Introduction with OpenFOAM{\textregistered} and
		  Matlab}},
  year		= {2015}
}

@Article{	  perot2000,
  author	= {Perot, Blair},
  doi		= {10.1006/jcph.2000.6424},
  issn		= {00219991},
  journal	= {Journal of Computational Physics},
  month		= {mar},
  number	= {1},
  pages		= {58--89},
  publisher	= {Academic Press Inc.},
  title		= {{Conservation Properties of Unstructured Staggered Mesh
		  Schemes}},
  volume	= {159},
  year		= {2000}
}

@Article{	  rhie1983,
  author	= {Rhie, C. M. and Chow, W. L.},
  doi		= {10.2514/3.8284},
  issn		= {0001-1452},
  journal	= {AIAA Journal},
  month		= {nov},
  number	= {11},
  pages		= {1525--1532},
  title		= {{Numerical study of the turbulent flow past an airfoil
		  with trailing edge separation}},
  volume	= {21},
  year		= {1983}
}

@Article{	  saad2016,
  author	= {Saad, Tony and Cline, Derek and Stoll, Rob and Sutherland,
		  James C},
  doi		= {10.2514/1.J055230},
  journal	= {AIAA Journal},
  number	= {1},
  pages		= {327--331},
  title		= {{Scalable Tools for Generating Synthetic Isotropic
		  Turbulence with Arbitrary Spectra}},
  volume	= {55},
  year		= {2017}
}

@Article{	  sadourny1975,
  author	= {Sadourny, Robert},
  doi		= {10.1175/1520-0469(1975)032<0680:TDOFDM>2.0.CO;2},
  issn		= {0022-4928},
  journal	= {Journal of the Atmospheric Sciences},
  month		= {apr},
  number	= {4},
  pages		= {680--689},
  title		= {{The Dynamics of Finite-Difference Models of the
		  Shallow-Water Equations}},
  volume	= {32},
  year		= {1975}
}

@Article{	  sagaut1999,
  author	= {Sagaut, P. and Grohens, R.},
  doi		= {10.1002/(SICI)1097-0363(19991230)31:8<1195::AID-FLD914>3.0.CO;2-H},
  journal	= {International Journal for Numerical Methods in Fluids},
  month		= {dec},
  number	= {8},
  pages		= {1195--1220},
  publisher	= {John Wiley & Sons Ltd},
  title		= {{Discrete filters for large eddy simulation}},
  volume	= {31},
  year		= {1999}
}

@Book{		  sagaut2006les,
  author	= {Sagaut, P},
  doi		= {10.1007/b137536},
  isbn		= {3-540-26344-6},
  publisher	= {Springer-Verlag},
  series	= {Scientific Computation},
  title		= {{Large Eddy Simulation for Incompressible Flows}},
  year		= {2006}
}

@Article{	  sanderse2013,
  author	= {Sanderse, B.},
  doi		= {10.1016/j.jcp.2012.07.039},
  issn		= {10902716},
  journal	= {Journal of Computational Physics},
  month		= {jan},
  number	= {1},
  pages		= {100--131},
  title		= {{Energy-conserving runge-kutta methods for the
		  incompressible navier-stokes equations}},
  volume	= {233},
  year		= {2013}
}

@Article{	  singh2012,
  author	= {Singh, Satbir and You, Donghyun and Bose, Sanjeeb T.},
  doi		= {10.1063/1.4745007},
  isbn		= {1412268680},
  issn		= {1070-6631},
  journal	= {Physics of Fluids},
  month		= {aug},
  number	= {8},
  pages		= {085105},
  publisher	= {American Institute of Physics Inc.},
  title		= {{Large-eddy simulation of turbulent channel flow using
		  explicit filtering and dynamic mixed models}},
  volume	= {24},
  year		= {2012}
}

@Misc{		  spalding1980,
  author	= {{Spalding}, D.~B.},
  title		= "{Mathematical modeling of fluid-mechanics, heat-transfer
		  and chemical-reaction processes: A lecture course}",
  howpublished	= {NASA STI/Recon Technical Report N},
  year		= 1980,
  month		= jan,
  pages		= {30414},
  adsurl	= {https://ui.adsabs.harvard.edu/abs/1980STIN...8130414S},
  adsnote	= {Provided by the SAO/NASA Astrophysics Data System}
}

@Article{	  trias2011adaptivetimestep,
  author	= {Trias, F. X. and Lehmkuhl, O.},
  doi		= {10.1080/10407790.2011.594398},
  issn		= {1040-7790},
  journal	= {Numerical Heat Transfer, Part B: Fundamentals},
  month		= {aug},
  number	= {2},
  pages		= {116--134},
  publisher	= {Taylor {\&} Francis Group},
  title		= {{A Self-Adaptive Strategy for the Time Integration of
		  Navier-Stokes Equations}},
  volume	= {60},
  year		= {2011}
}

@Article{	  trias2011discretefilter,
  author	= {Trias, F.X. and Verstappen, R.W.C.P.},
  doi		= {10.1016/j.compfluid.2010.08.015},
  issn		= {00457930},
  journal	= {Computers {\&} Fluids},
  month		= {jan},
  number	= {1},
  pages		= {139--148},
  publisher	= {Pergamon},
  title		= {{On the construction of discrete filters for
		  symmetry-preserving regularization models}},
  volume	= {40},
  year		= {2011}
}

@Article{	  trias2013,
  author	= {Trias, F.X. and Gorobets, A. and Oliva, A. and
		  P{\'{e}}rez-Segarra, C.D.},
  doi		= {10.1016/J.IJHEATMASSTRANSFER.2012.09.064},
  issn		= {0017-9310},
  journal	= {International Journal of Heat and Mass Transfer},
  month		= {jan},
  number	= {1},
  pages		= {171--182},
  publisher	= {Pergamon},
  title		= {{DNS and regularization modeling of a turbulent
		  differentially heated cavity of aspect ratio 5}},
  volume	= {57},
  year		= {2013}
}

@Article{	  trias2014,
  author	= {Trias, F.X. and Lehmkuhl, O. and Oliva, A. and
		  P{\'{e}}rez-Segarra, C.D. and Verstappen, R.W.C.P.},
  doi		= {10.1016/j.jcp.2013.10.031},
  isbn		= {0021-9991},
  issn		= {00219991},
  journal	= {Journal of Computational Physics},
  month		= {feb},
  pages		= {246--267},
  publisher	= {Elsevier Inc.},
  title		= {{Symmetry-preserving discretization of Navier–Stokes
		  equations on collocated unstructured grids}},
  volume	= {258},
  year		= {2014}
}

@Article{	  trias2019,
  author	= {Trias, F. X. and Folch, D. and Gorobets, A. and Oliva,
		  A.},
  doi		= {10.1007/s10915-018-0880-x},
  issn		= {08857474},
  journal	= {Journal of Scientific Computing},
  number	= {2},
  pages		= {992--1014},
  publisher	= {Springer US},
  title		= {{Spectrally-Consistent Regularization of Navier–Stokes
		  Equations}},
  volume	= {79},
  year		= {2019}
}

@Article{	  tukovic2018,
  author	= {Tukovi{\'{c}}, {\v{Z}}eljko and Peri{\'{c}}, Milovan and
		  Jasak, Hrvoje},
  doi		= {10.1016/j.compfluid.2018.01.041},
  issn		= {00457930},
  journal	= {Computers and Fluids},
  pages		= {78--85},
  title		= {{Consistent second-order time-accurate non-iterative
		  PISO-algorithm}},
  volume	= {166},
  year		= {2018}
}

@Article{	  vandoormaal1984,
  author	= {{Van Doormaal}, J. P. and Raithby, G. D.},
  doi		= {10.1080/01495728408961817},
  issn		= {01495720},
  journal	= {Numerical Heat Transfer},
  month		= {apr},
  number	= {2},
  pages		= {147--163},
  publisher	= {Taylor & Francis Group},
  title		= {{Enhancements of the simple method for predicting
		  incompressible fluid flows}},
  volume	= {7},
  year		= {1984}
}

@Article{	  vasilyev2000,
  author	= {Vasilyev, Oleg V.},
  doi		= {10.1006/jcph.1999.6398},
  issn		= {00219991},
  journal	= {Journal of Computational Physics},
  month		= {jan},
  number	= {2},
  pages		= {746--761},
  publisher	= {Academic Press},
  title		= {{High Order Finite Difference Schemes on Non-uniform
		  Meshes with Good Conservation Properties}},
  volume	= {157},
  year		= {2000}
}

@Article{	  verstappen2003,
  author	= {Verstappen, R.W.C.P. and Veldman, A.E.P.},
  doi		= {10.1016/S0021-9991(03)00126-8},
  issn		= {00219991},
  journal	= {Journal of Computational Physics},
  month		= {may},
  number	= {1},
  pages		= {343--368},
  title		= {{Symmetry-preserving discretization of turbulent flow}},
  volume	= {187},
  year		= {2003}
}

@Article{	  verstappen2008,
  author	= {Verstappen, Roel},
  doi		= {10.1016/J.COMPFLUID.2007.01.013},
  issn		= {0045-7930},
  journal	= {Computers {\&} Fluids},
  month		= {aug},
  number	= {7},
  pages		= {887--897},
  publisher	= {Pergamon},
  title		= {{On restraining the production of small scales of motion
		  in a turbulent channel flow}},
  volume	= {37},
  year		= {2008}
}

@Article{	  vuorinen2012,
  author	= {Vuorinen, V. and Larmi, M. and Schlatter, P. and Fuchs, L.
		  and Boersma, B. J.},
  doi		= {10.1016/j.compfluid.2012.09.022},
  issn		= {00457930},
  journal	= {Computers and Fluids},
  month		= {nov},
  pages		= {195--205},
  publisher	= {Pergamon},
  title		= {{A low-dissipative, scale-selective discretization scheme
		  for the Navier-Stokes equations}},
  volume	= {70},
  year		= {2012}
}

@Article{	  vuorinen2014,
  author	= {Vuorinen, V. and Keskinen, J.-P. and Duwig, C. and
		  Boersma, B.J.},
  doi		= {10.1016/j.compfluid.2014.01.026},
  issn		= {00457930},
  journal	= {Computers {\&} Fluids},
  month		= {apr},
  pages		= {153--163},
  title		= {{On the implementation of low-dissipative Runge–Kutta
		  projection methods for time dependent flows using
		  OpenFOAM{\textregistered}}},
  volume	= {93},
  year		= {2014}
}

@Article{	  weller1998,
  author	= {Weller, H. G. and Tabor, G. and Jasak, H. and Fureby, C.},
  doi		= {10.1063/1.168744},
  issn		= {08941866},
  journal	= {Computers in Physics},
  number	= {6},
  pages		= {620},
  title		= {{A tensorial approach to computational continuum mechanics
		  using object-oriented techniques}},
  volume	= {12},
  year		= {1998}
}
